<record><leader>00000cas a22000007a 4500</leader><controlfield tag="001">19239042</controlfield><controlfield tag="008">890220d1909191uaruwr ne      0    0eng d</controlfield><datafield ind1=" " ind2=" " tag="010"><subfield code="a">sn 89051073 </subfield></datafield><datafield ind1=" " ind2=" " tag="040"><subfield code="a">ANU</subfield><subfield code="b">eng</subfield><subfield code="c">ANU</subfield><subfield code="d">OCLCQ</subfield></datafield><datafield ind1=" " ind2=" " tag="042"><subfield code="a">msc</subfield></datafield><datafield ind1="0" ind2="4" tag="245"><subfield code="a">The Rogers Republican-journal.</subfield></datafield><datafield ind1=" " ind2=" " tag="260"><subfield code="a">Rogers, Benton County, Ark. :</subfield><subfield code="b">J.M. McClelland</subfield></datafield><datafield ind1=" " ind2=" " tag="300"><subfield code="a">v.</subfield></datafield><datafield ind1=" " ind2=" " tag="310"><subfield code="a">Weekly</subfield></datafield><datafield ind1="1" ind2=" " tag="362"><subfield code="a">Began in 1909.</subfield></datafield><datafield ind1=" " ind2=" " tag="588"><subfield code="a">Description based on : vol. 23, no. 31 (Nov. 22, 1910).</subfield></datafield><datafield ind1=" " ind2=" " tag="752"><subfield code="a">United States</subfield><subfield code="b">Arkansas</subfield><subfield code="c">Benton</subfield><subfield code="d">Rogers.</subfield></datafield><datafield ind1="0" ind2="4" tag="780"><subfield code="t">Rogers Republican</subfield><subfield code="w">(DLC)sn 89051011</subfield></datafield><datafield ind1="0" ind2="4" tag="780"><subfield code="t">Rogers journal</subfield><subfield code="w">(DLC)sn 89051074</subfield></datafield></record>